@book{Bondy,
    author={\scriptsize BONDY J. A. y  MURTY U. S. R.},
    title={Graph Theory},
    publisher={Springer},
    series={Graduate Texts in Mathematics, Vol. 244},
    year={2008}
}

@book{Deo,
    author={\scriptsize DEO N.},
    title={Graph Theory with Applications to Engineering and Computer Science},
    publisher={Prentice-Hall},
    series={Prentice-Hall Series in Automatic Computation},
    year={1974}
}

@book{Shores,
    author={\scriptsize SHORES T. S.},
    title={Applied Linear Algebra and Matrix Analysis},
    publisher={Springer},
    series={Segunda edición. Undergraduate Texts in Mathematics},
    year={2018}
}

@book{Diestel,
    author={\scriptsize DIESTEL R.},
    title={Graph Theory},
    publisher={Springer},
    series={Quinta edición. Graduate Texts in Mathematics, Vol.173},
    year={2017}
}

@book{Seshu,
    author={\scriptsize SESHU S. y  REED M. B},
    title={Linear Graphs and Electrical Networks},
    publisher={Addison Wesley},
    series={},
    year={1961}
}

@book{Gross,
    author={\scriptsize GROSS J. L y YELLEN J. y ZHANG P.},
    title={Handbook of Graph Theory},
    publisher={CRC Press},
    series={Segunda edición. Discrete Mathematics and Its Applications},
    year={2014}
}

@book{Zhang,
    author={\scriptsize ZHANG F.},
    title={Matrix Theory: Basic Results and Techniques},
    publisher={Springer},
    series={Segunda edición. Universitext},
    year={2011}
}

@book{Friedberg,
    author={\scriptsize FRIEDBERG S. H. y INSEL A. J. y SPENCE L. E.},
    title={Linear Algebra},
    publisher={Prentice-Hall},
    series={Cuarta edición},
    year={2002}
}

@book{Noble,
    author={\scriptsize NOBLE B.},
    title={Applied Linear Algebra},
    publisher={Prentice-Hall},
    series={},
    year={1968}
}

@book{Bang-Jensen,
    author={\scriptsize BANG-JENSEN J. y GUTIN G. Z.},
    title={Digraphs. Theory, Algorithms and Applications},
    publisher={Springer},
    series={Segunda edición. Springer Monographs in Mathematics},
    year={2008}
}

@book{Oxley,
    author={\scriptsize OXLEY J.},
    title={Matroid Theory},
    publisher={Oxford University Press},
    series={Segunda edición. Oxford Graduate Texts in Mathematics},
    year={2011}
}

@book{Biggs,
    author={\scriptsize BIGGS N. L. y LLOYD E. K . y WILSON R. J.},
    title={Graph Theory 1736 - 1936},
    publisher={Oxford University Press},
    series={},
    year={1976}
}

@book{Whitney1935,
    author={\scriptsize WHITNEY H. \small(1935)},
    title={\textnormal{On the abstract properties of linear dependence}},
    publisher={\textbf{57}},
    series={\textit{Amer. J. Math}},
    year={509--533}
}



@book{FordFulkerosns,
    author={\scriptsize FORD L. R. y FULKERSON D. R.},
    title={Flows in Networks},
    publisher={Princeton University Press},
    series={},
    year={1962}
}

@book{Korte,
    author={\scriptsize KORTE B. y Vygen J.},
    title={Combinatorial Optimization, Theory and Algorithms},
    publisher={Springer},
    series={Sexta edición. Algorithms and Combinatorics, Vol 21},
    year={2018}
}

@book{Chen,
    author={\scriptsize CHEN W.K.},
    title={Net Theory and Its Applications, Flows in Networks},
    publisher={Imperial College Press},
    series={Series in Electrical and Computer Engineering, Vol 1},
    year={2003}
}

@book{Chen2,
    author={\scriptsize CHEN W.K.},
    title={Graph Theory and Its Engineering Applications},
    publisher={World Scientific Publishing Co. Pte. Ltd},
    series={Advances Series in Electrical and Computer Engineering, Vol. 5},
    year={1997}
}


@book{Slepian,
    author={\scriptsize SLEPIAN P.},
    title={Mathematical Foundations of Network Analysis},
    publisher={Springer},
    series={Springer Tracts in Natural Philosophy, Vol 16},
    year={1968}
}

@book{Christos,
    author={\scriptsize PAPADIMITRIOU C. H. y STEIGLITZ K.},
    title={Combinatorial Optimization, Algorithms and Complexity},
    publisher={Prentice-Hall, Inc},
    series={},
    year={1982}
}